@inproceedings{gilberto2005power,
  title={Power Prediction for Intel XScale Processors Using Performance Monitoring Unit Events Power Prediction for Intel XScale Processors Using Performance Monitoring Unit Events},
  author={Gilberto, C and Margaret, M},
  booktitle={ISLPED},
  volume={5},
  pages={8--10},
  year={2005}
}

@inproceedings{bircher2007complete,
  title={Complete system power estimation: A trickle-down approach based on performance events},
  author={Bircher, W Lloyd and John, Lizy K},
  booktitle={Performance Analysis of Systems \& Software, 2007. ISPASS 2007. IEEE International Symposium on},
  pages={158--168},
  year={2007},
  organization={IEEE}
}

@article{bircher2012complete,
  title={Complete system power estimation using processor performance events},
  author={Bircher, William Lloyd and John, Lizy K},
  journal={IEEE Transactions on Computers},
  volume={61},
  number={4},
  pages={563--577},
  year={2012},
  publisher={IEEE}
}

@inproceedings{zembowicz1993testing,
  title={Testing the existence of functional relationship in data},
  author={Zembowicz, Robert and Zytkow, Jan M},
  booktitle={Proceedings of AAAI Workshop on Knowledge Discovery in Databases},
  volume={93},
  pages={102--111},
  year={1993}
}

@inproceedings{yang2016performance,
  title={Performance Events Based Full System Estimation on Application Power Consumption},
  author={Yang, Shu and Luan, Zhongzhi and Li, Binyang and Zhang, Ge and Huang, Tianming and Qian, Depei},
  booktitle={High Performance Computing and Communications; IEEE 14th International Conference on Smart City; IEEE 2nd International Conference on Data Science and Systems (HPCC/SmartCity/DSS), 2016 IEEE 18th International Conference on},
  pages={749--756},
  year={2016},
  organization={IEEE}
}

@inproceedings{pickavet2008worldwide,
  title={Worldwide energy needs for ICT: The rise of power-aware networking},
  author={Pickavet, Mario and Vereecken, Willem and Demeyer, Sofie and Audenaert, Pieter and Vermeulen, Brecht and Develder, Chris and Colle, Didier and Dhoedt, Bart and Demeester, Piet},
  booktitle={Advanced Networks and Telecommunication Systems, 2008. ANTS'08. 2nd International Symposium on},
  pages={1--3},
  year={2008},
  organization={IEEE}
}

@article{rong2016optimizing,
  title={Optimizing energy consumption for data centers},
  author={Rong, Huigui and Zhang, Haomin and Xiao, Sheng and Li, Canbing and Hu, Chunhua},
  journal={Renewable and Sustainable Energy Reviews},
  volume={58},
  pages={674--691},
  year={2016},
  publisher={Elsevier}
}